@online{DanilFedorovykh-2016,
author={Danil Fedorovykh},
title={Documents and presentations in LaTeX},
date={2016},
organization={HSE},
url={https://iq.hse.ru/latex},
note={See also \url{https://www.youtube.com/watch?v=izYsKMl4KVE}}
}
@misc{SergioCdelaBarrera-2012,
author={Sergio C. de la Barrera},
title={The physics package},
date={2012-12},
url={https://ctan.org/pkg/physics},
}
@article{Fama1965,
author = {Fama, EF},
file = {:Users/user/Desktop/LaTeX/4.1 Библиография/new/the\_behavior\_of\_stock\_market\_prices.pdf:pdf},
journal = {Journal of business},
number = {1},
pages = {34--105},
title = {{The Behavior of Stock-Market Prices}},
url = {http://www.jstor.org/stable/2350752},
volume = {38},
year = {1965}
}
@article{Abbink2012,
author = {Abbink, Klaus and Dasgupta, Utteeyo and Gangadharan, Lata and Jain, Tarun},
doi = {10.2139/ssrn.2166221},
file = {:Users/user/Library/Application Support/Mendeley Desktop/Downloaded/Abbink et al. - 2012 - Letting the Briber Go Free An Experiment on Mitigating Harassment Bribes.pdf:pdf},
issn = {1556-5068},
journal = {SSRN Electronic Journal},
keywords = {asymmetric penalty,c91,experiment,harassment bribes,jel classification,k42,retaliation},
title = {{Letting the Briber Go Free: An Experiment on Mitigating Harassment Bribes}},
url = {http://www.ssrn.com/abstract=2166221},
year = {2012}
}
@article{Spengler2012,
author = {Spengler, Dominic},
file = {:Users/user/Library/Application Support/Mendeley Desktop/Downloaded/Spengler - 2012 - Endogenous Detection of Collaborative Crime the Case of Corruption.pdf:pdf},
keywords = {asymmetric penalties,corruption,endogenising,inspection game},
number = {1968},
pages = {1--15},
title = {{Endogenous Detection of Collaborative Crime : the Case of Corruption}},
year = {2012}
}
@article{Sun2005,
author = {Sun, Q and Zhang, a and Li, J},
doi = {10.1016/j.chieco.2004.06.009},
file = {:Users/user/Library/Application Support/Mendeley Desktop/Downloaded/Sun, Zhang, Li - 2005 - A study of optimal state shares in mixed oligopoly Implications for SOE reform and foreign competition.pdf:pdf},
issn = {1043951X},
journal = {China Economic Review},
keywords = {- see front matter,1 604 822 8420,1 604 822 9574,1043-951x,a,all rights reserved,anming,ca,corresponding author,d 2004 elsevier inc,e-mail address,employment burden,fax,sauder,soe reform,state shares,tel,transition economy,ubc,wto entry,zhang},
number = {1},
pages = {1--27},
title = {{A study of optimal state shares in mixed oligopoly: Implications for SOE reform and foreign competition}},
url = {http://linkinghub.elsevier.com/retrieve/pii/S1043951X04000410},
volume = {16},
year = {2005}
}
@article{Tasnadi2006,
author = {Tasn\'{a}di, Attila},
doi = {10.1016/j.ijindorg.2005.07.009},
file = {:Users/user/Library/Application Support/Mendeley Desktop/Downloaded/Tasn\'{a}di - 2006 - Price vs. quantity in oligopoly games.pdf:pdf},
issn = {01677187},
journal = {International Journal of Industrial Organization},
keywords = {bertrand-edgeworth,cournot,oligopoly},
month = may,
number = {3},
pages = {541--554},
title = {{Price vs. quantity in oligopoly games}},
url = {http://linkinghub.elsevier.com/retrieve/pii/S0167718705001074},
volume = {24},
year = {2006}
}
@misc{TheMendeleySupportTeam2011,
abstract = {A quick introduction to Mendeley. Learn how Mendeley creates your personal digital library, how to organize and annotate documents, how to collaborate and share with colleagues, and how to generate citations and bibliographies.},
address = {London},
author = {{The Mendeley Support Team}},
booktitle = {Mendeley Desktop},
file = {:Users/user/Library/Application Support/Mendeley Desktop/Downloaded/The Mendeley Support Team - 2011 - Getting Started with Mendeley.pdf:pdf},
keywords = {Mendeley,how-to,user manual},
pages = {1--16},
publisher = {Mendeley Ltd.},
title = {{Getting Started with Mendeley}},
url = {http://www.mendeley.com},
year = {2011}
}
