@online{DanilFedorovykh-2016,
  author={Fedorovykh, Danil},
  title={Documents and presentations in \LaTeX{}},
  date={2016},
  organization={HSE},
  url={https://iq.hse.ru/latex},
  note={See also \url{https://www.youtube.com/watch?v=izYsKMl4KVE}},
}
@online{JohannesWienke-2018,
  author={Wienke, Johannes},
  title={\LaTeX{} Best Practices: Lessons Learned from Writing a PhD Thesis},
  date={2018-06},
  url={https://www.semipol.de/posts/2018/06/latex-best-practices-lessons-learned-from-writing-a-phd-thesis/},
}
@online{Overleaf-tables-2018,
  author={Overleaf},
  title={Tables},
  date={2018-09},
  url={https://www.overleaf.com/learn/latex/Tables},
}
@online{Overleaf-theorems-2018,
  author={Overleaf},
  title={Theorems and proofs},
  date={2018-10},
  url={https://www.overleaf.com/learn/latex/Theorems_and_proofs},
}
@online{Aalberto-2020,
  author={Aalberto},
  title={Problems with \string\pgfplotsset{}},
  date={2020-01},
  url={https://tex.stackexchange.com/questions/524076/problems-with-pgfplotsset},
}
@online{thesauruscom-en-dash-2022,
  author={thesaurus.com},
  title={What Are En Dashes ( -- ) And How Do You Use Them?},
  date={2022-03},
  url={https://www.thesaurus.com/e/grammar/how-do-i-use-an-en-dash},
}
@online{thesauruscom-em-dash-2022,
  author={thesaurus.com},
  title={What Are Em Dashes ( --- ) And How Do You Use Them?},
  date={2022-03},
  url={https://www.thesaurus.com/e/grammar/em-dash},
}
@online{Overleaf-quotes-2018,
  author={Overleaf},
  title={Typesetting quotations},
  date={2018-10},
  url={https://www.overleaf.com/learn/latex/Typesetting_quotations},
}
@online{Overleaf-citations-2018,
  author={Overleaf},
  title={Biblatex citation styles},
  date={2018-10},
  url={https://www.overleaf.com/learn/latex/Biblatex_citation_styles},
}
@online{Wikipedia-quotes-2006,
  author={Wikipedia},
  title={Quotation mark},
  date={2006-10},
  url={https://en.wikipedia.org/wiki/Quotation_mark},
}

